<record><leader>02008cam a2200409 i 45 0</leader><controlfield tag="001">6774706</controlfield><controlfield tag="003">OCoLC</controlfield><controlfield tag="005">20150112174232.0</controlfield><controlfield tag="008">140131t20152015maua     b    001 0 eng  </controlfield><datafield ind1=" " ind2=" " tag="010"><subfield code="a">  2014003022</subfield></datafield><datafield ind1=" " ind2=" " tag="020"><subfield code="a">9780133506976 (pbk. : alk. paper)</subfield></datafield><datafield ind1=" " ind2=" " tag="020"><subfield code="a">0133506975 (pbk. : alk. paper)</subfield></datafield><datafield ind1=" " ind2=" " tag="035"><subfield code="a">ocn869269937</subfield></datafield><datafield ind1=" " ind2=" " tag="040"><subfield code="a">DLC</subfield><subfield code="b">eng</subfield><subfield code="e">rda</subfield><subfield code="c">DLC</subfield><subfield code="d">YDX</subfield><subfield code="d">BTCTA</subfield><subfield code="d">YDXCP</subfield><subfield code="d">OCLCF</subfield><subfield code="d">IAK</subfield><subfield code="d">AFMK</subfield></datafield><datafield ind1=" " ind2=" " tag="042"><subfield code="a">pcc</subfield></datafield><datafield ind1="0" ind2="0" tag="050"><subfield code="a">HD30.28</subfield><subfield code="b">.B36837 2015</subfield></datafield><datafield ind1="0" ind2="0" tag="082"><subfield code="a">658.4/01</subfield><subfield code="2">23</subfield></datafield><datafield ind1=" " ind2=" " tag="090"><subfield code="a">HD 30.28 B223 2015</subfield><subfield code="b">AFMK</subfield></datafield><datafield ind1="1" ind2=" " tag="100"><subfield code="a">Barringer, Bruce R.</subfield></datafield><datafield ind1="1" ind2="0" tag="245"><subfield code="a">Preparing effective business plans :</subfield><subfield code="b">an entrepreneurial approach /</subfield><subfield code="c">Bruce R. Barringer, Ph.D., Oklahoma State University.</subfield></datafield><datafield ind1=" " ind2=" " tag="250"><subfield code="a">Second edition.</subfield></datafield><datafield ind1=" " ind2="1" tag="264"><subfield code="a">Boston :</subfield><subfield code="b">Pearson,</subfield><subfield code="c">[2015]</subfield></datafield><datafield ind1=" " ind2="4" tag="264"><subfield code="c">&#169;2015</subfield></datafield><datafield ind1=" " ind2=" " tag="300"><subfield code="a">xvii, 270 pages :</subfield><subfield code="b">illustrations ;</subfield><subfield code="c">23 cm.</subfield></datafield><datafield ind1=" " ind2=" " tag="336"><subfield code="a">text</subfield><subfield code="2">rdacontent</subfield></datafield><datafield ind1=" " ind2=" " tag="337"><subfield code="a">unmediated</subfield><subfield code="2">rdamedia</subfield></datafield><datafield ind1=" " ind2=" " tag="338"><subfield code="a">volume</subfield><subfield code="2">rdacarrier</subfield></datafield><datafield ind1="1" ind2=" " tag="490"><subfield code="a">Entrepreneurship series</subfield></datafield><datafield ind1=" " ind2=" " tag="504"><subfield code="a">Includes bibliographical references and indexes.</subfield></datafield><datafield ind1="0" ind2=" " tag="505"><subfield code="a">Starting the process -- Why plan? -- What to do before the business plan is written -- Developing and screening business ideas -- Feasibility analysis -- Preparing a business plan -- Introductory material, executive summary, and description of the business -- Industry analysis -- Market analysis -- Marketing plan -- Management team and company structure -- Operations plan and product (or service) design and development plan -- Financial projections -- Presenting the business plan -- Presenting the plan with confidence -- Name index -- Subject index.</subfield></datafield><datafield ind1=" " ind2="0" tag="650"><subfield code="a">Business planning.</subfield></datafield><datafield ind1=" " ind2="0" tag="650"><subfield code="a">Entrepreneurship.</subfield></datafield><datafield ind1=" " ind2="0" tag="650"><subfield code="a">New business enterprises</subfield><subfield code="x">Planning.</subfield></datafield><datafield ind1=" " ind2="0" tag="650"><subfield code="a">Small business</subfield><subfield code="x">Planning.</subfield></datafield><datafield ind1=" " ind2="0" tag="830"><subfield code="a">Prentice Hall entrepreneurship series.</subfield></datafield><datafield ind1=" " ind2=" " tag="596"><subfield code="a">8</subfield></datafield><datafield ind1=" " ind2=" " tag="926"><subfield code="a">HD 30.28 B223 2015</subfield><subfield code="w">LC</subfield><subfield code="c">1</subfield><subfield code="i">34917001372106</subfield><subfield code="d">4/20/2016</subfield><subfield code="e">4/18/2016</subfield><subfield code="l">ON_SHELF</subfield><subfield code="m">KEYANO</subfield><subfield code="n">5</subfield><subfield code="p">$65.93</subfield><subfield code="r">Y</subfield><subfield code="s">Y</subfield><subfield code="t">BOOK</subfield><subfield code="u">1/12/2015</subfield><subfield code="o">.STAFF. Rec'd Feb/15 MW</subfield></datafield></record>